@article{ciDefinition,
    author = "The Joint Building Contracts Committee",
    title = "GUIDE TO COMPLETION, VALUATION, CERTIFICATION AND PAYMENT",
    number = "6.1",
    pages = "3",
    year = "2014",
    DOI = "https://www.jbcc.co.za/docs/JBCC_C_and_Cguide_2014_03_complete_2.pdf",
    keywords = "contracts"
}
